



@article{nexo2018,
    title={Banana, caf{\'e}, mandioca: onde s{\~a}o cultivados vegetais e gr{\~a}os no {B}rasil},
    author={Almeida, Rodrigo and Zanlorenssi, Gabriel},
    journal = {Nexo Jornal},
    address = {S{\~a}o Paulo},
    note={Disponível em: https://www.nexojornal.com.br/grafico/2018/02/07/Banana-café-mandioca-onde-são-cultivados-vegetais-e-grãos-no-Brasil. Acesso em: 04 abr. 2019},
    year={2018}
}


@book{sagan1985contact,
  title={Contact: a novel.},
  author={Sagan, Carl},
  year={1985}
}





%IBGE ===============================
@techreport{ibge2014,
  author       = {{IBGE}}, 
  title        = {{Manual t{\'e}cnico das pesquisas agropecu{\'a}rias municipais}},
  institution  = {IBGE},
  year         = 2014,
  number       = 1,
  address      = {Rio de Janeiro},
  month        = 7,
  note         = {Disponível em: https://biblioteca.ibge.gov.br/visualizacao/instrumentosdecoleta. Acesso em: 04 mar. 2021}
}

@techreport{pamibge2021,
    author={{IBGE}},
    title={Produ{\c{c}}{\~a}o agr{\'i}cola municipal},
    institution  = {IBGE},
    year={2021},
    address = {Rio de Janeiro},
    note={Disponível em: https://sidra.ibge.gov.br/tabela/5457. Acesso em: 04 mar. 2021}
}

@techreport{portaldemapasibge2021,
    author={{IBGE}},
    title={Portal de mapas},
    instituition = {{IBGE}},
    year={2021},
    address = {Rio de Janeiro},
    note={Disponível em: https://portaldemapas.ibge.gov.br/. Acesso em: 04 mar. 2021}
}




%Capítulos de Livros ===============================


@incollection{camara04intro,
  author       = {C{\^a}mara, Gilberto and Monteiro, Ant{\^o}nio and Fucks, Suzana and Carvalho, Marilia}, 
  title        = {An{\'a}lise espacial e geoprocessamento},
  booktitle    = {An{\'a}lise espacial de dados geogr{\'a}ficos},
  publisher    = {Embrapa},
  year         = {2004},
  editor       = {Druck, Suzana and Carvalho, Marilia and C{\^a}mara, Gilberto and Monteiro, Ant{\^o}nio},
  volume       = {},
  series       = {},
  chapter      = {1},
  pages        = {21-52},
  address      = {Brasília},
  edition      = {2},
  month        = {6},
  note         = {}
}


@incollection{camara04cap5,
  author       = {C{\^a}mara, Gilberto and Carvalho, Marilia and Cruz, Oswaldo and Correa, Virginia}, 
  title        = {An{\'a}lise espacial de áreas},
  booktitle    = {An{\'a}lise espacial de dados geogr{\'a}ficos},
  publisher    = {Embrapa},
  year         = {2004},
  editor       = {Druck, Suzana and Carvalho, Marilia and C{\^a}mara, Gilberto and Monteiro, Ant{\^o}nio},
  volume       = {},
  series       = {},
  chapter      = {5},
  pages        = {157-206},
  address      = {Brasília},
  edition      = {2},
  month        = {6},
  note         = {}
}


@incollection{wander2014arroz,
  title={Rentabilidade da produ{\c{c}}{\~a}o de arroz no {B}rasil},
  author={Wander, Alcido and Silva, Osmira},
  booktitle = {Sustentabilidade e sustenta{\c{c}}{\~a}o da produ{\c{c}}{\~a}o de alimentos: o desafio da rentabilidade na produ{\c{c}}{\~a}o},
  editor = {CAMPOS, S and TORRES, D and PONCHIO, A and BARROS, G},
  publisher={Embrapa},
  pages={117-133},
  chapter={5},
  address = {Brasília},
  volume = {2},
  year={2014}
}








%Livros ===============================

@book{silva2013feijao,
  title = {O feij{\~a}o-comum no {B}rasil: passado, presente e futuro},
  author = {Silva, Osmira and Wander, Alcido},
  publisher = {Embrapa},
  year={2013},
  address={Santo Ant{\^o}nio de Goi{\'a}s}
}

@book{haining2003spatial,
  title={Spatial data analysis: theory and practice},
  author={Haining, Robert},
  year={2003},
  publisher={Cambridge University Press},
  address = {Cambrige}
  
}

@book{cliffeord1981,
  title={Spatial processes, models and applications},
  author={Cliff, Adrew and Ord, Keith},
  year={1981},
  publisher={Pion},
  address = {Londres}
}


@book{lesage1998,
  title={Spatial econometrics},
  author={Lesage, James},
  year={1998},
  publisher={Univesidade de Toledo},
  address = {Toledo}
}

@book{lesage2009introduction,
  title={Introduction to spatial econometrics},
  author={LeSage, James and Pace, Robert Kelley},
  year={2009},
  publisher={Chapman and Hall/CRC}
}


@book{anselin1988,
  title={Spatial econometrics: methods and models},
  author={Anselin, Luc},
  volume={2},
  year={1988},
  publisher={Kluwer Academic},
  address = {Dordrecht}
  
}

@book{almeida12,
  title={Econometria espacial aplicada},
  author={Almeida, Eduardo},
  address={Campinas, SP},
  publisher = { Al{\'\i}nea},
  year={2012}
}

@book{andrade2007introduccao,
  title={Introdu{\c{c}}{\~a}o {\`a} estat{\'\i}stica espacial para a sa{\'u}de p{\'u}blica},
  author={Andrade, Ana and Monteiro, Ant{\^o}nio Miguel Vieira and Barcellos, Christovam and Lisboa, Eug{\^e}nio and Acosta, Lisiane Morelia Weide and Almeida, Maria Cristina de Mattos and Brito, Maria Regina Varnieri and Carvalho, Mar{\'\i}lia S{\'a} and Santos, Marina Atanaka dos and Cruz, Oswaldo and others},
  year={2007},
  address={Bras{\'i}lia},
  publisher = {{M}inist{\'e}rio da {S}a{\'u}de}
}

%Artigos ===============================

@article{rey2013,
  title={Parallel optimal choropleth map classification in PySAL},
  author={Rey, Sergio and Anselin, Luc and Pahle, Robert and Kang, Xing and Stephens, Philip},
  journal={International Journal of Geographical Information Science},
  volume={27},
  number={5},
  pages={1023--1039},
  year={2013},
  publisher={Taylor \& Francis}
}

@article{jenks1977,
  title={Optimal data classification for choropleth maps},
  author={Jenks, George},
  journal={Department of Geography, University of Kansas Occasional Paper},
  year={1977}
}

@article{fisher1958,
  title={On grouping for maximum homogeneity},
  author={Fisher, Walter},
  journal={Journal of the American statistical Association},
  volume={53},
  number={284},
  pages={789--798},
  year={1958},
  publisher={Taylor \& Francis}
}

@article{getiseord1992,
  title={The analysis of spatial association by use of distance statistics},
  author={Getis, Arthur and Ord, Keith},
  journal={Geographical analysis},
  volume={24},
  number={3},
  pages={189-206},
  year={1992},
  publisher={Ohio State University Press}
}

@article{geary1954contiguity,
  title={The contiguity ratio and statistical mapping},
  author={Geary, Robert C},
  journal={The incorporated statistician},
  volume={5},
  number={3},
  pages={115--146},
  year={1954},
  publisher={}
}


@article{assuncao1999new,
  title={A new proposal to adjust {M}oran's {I} for population density},
  author={Assun{\c{c}}{\~a}o, Renato and Reis, Edna},
  journal={Statistics in medicine},
  volume={18},
  number={16},
  pages={2147--2162},
  year={1999},
  publisher={Wiley Online Library}
}


@article{rossetti2001zoneamento,
  title={Zoneamento agr{\'\i}cola em aplica{\c{c}}{\~o}es de cr{\'e}dito e securidade rural no {B}rasil: aspectos atuariais e de pol{\'\i}tica agr{\'\i}cola},
  author={Rossetti, Luiz},
  journal={Revista Brasileira de Agrometeorologia},
  volume={9},
  number={3},
  pages={386--399},
  year={2001}
}

@article{cunhaeassad2001,
  title={Uma vis{\~a}o geral do n{\'u}mero especial da {RBA} sobre zoneamento agr{\'\i}cola no {B}rasil},
  author={Cunha, Gilberto and Assad, Eduardo},
  journal={Revista Brasileira de Agrometeorologia},
  volume={9},
  number={3},
  pages={377--385},
  year={2001}
}

@article{perobelli2007produtividade,
  title={Produtividade do setor agr{\'\i}cola brasileiro (1991-2003): uma an{\'a}lise espacial},
  author={Perobelli, Fernando and Almeida, Eduardo de and Alvim, Maria and Ferreira, Pedro},
  journal={Nova economia},
  volume={17},
  number={1},
  pages={65--91},
  year={2007},
  publisher={SciELO Brasil}
}


@article{messner1999spatial,
  title={The spatial patterning of county homicide rates: An application of exploratory spatial data analysis},
  author={Messner, Steven and Anselin, Luc and Baller, Robert  and Hawkins, Darnell and Deane, Glenn and Tolnay, Stewart},
  journal={Journal of Quantitative Criminology},
  volume={15},
  number={4},
  pages={423-450},
  year={1999},
  publisher={Springer}
}


@article{anselin1995local,
  title={Local indicators of spatial association},
  author={Anselin, Luc},
  journal={Geographical analysis},
  volume="27",
  number="2",
  pages={93-115},
  year="1995",
  publisher={Wiley Online Library}
}


@article{anselin2006geoda,
  title={GeoDa: an introduction to spatial data analysis},
  author={Anselin, Luc and Syabri, Ibnu and Kho, Youngihn},
  journal={Geographical analysis},
  volume={38},
  number={2},
  pages={5-22},
  year={2006},
  publisher={The Ohio State University}
}












@article{souza2018milho,
  title={Estudo da produ{\c{c}}{\~a}o do milho no {B}rasil},
  author={Souza, Aguinaldo and Reis, Jo{\~a}o and Raymundo, Julio and Pinto, Roberta},
  journal={South American Development Society Journal},
  volume={4},
  number={11},
  pages={182-194},
  year={2018}
}





@article{almeida2008existe,
  title={Existe converg{\^e}ncia espacial da produtividade agr{\'\i}cola no {B}rasil?},
  author={Almeida, Eduardo and Perobelli, Fernando and Ferreira, P},
  journal={Revista de Economia e Sociologia Rural},
  volume={46},
  number={1},
  pages={31-52},
  year={2008},
  address={Rio de Janeiro},
  publisher={SciELO Brasil}
}


@article{alvim2005analise,
  title={An{\'a}lise da competitividade da produ{\c{c}}{\~a}o de soja no sistema de plantio direto no Estado de Mato Grosso do Sul},
  author={Alvim, Maria Isabel da Silva Azevedo and Oliveira J{\'u}nior, Lourival Batista de},
  journal={Revista de Economia e Sociologia Rural},
  volume={43},
  number={3},
  pages={505-528},
  year={2005},
  address = {Rio de Janeiro},
  publisher={SciELO Brasil}
}



@article{avila2008maup,
  title={O {MAUP} e a an{\'a}lise espacial: um estudo de caso para o {R}io {G}rande do {S}ul (1991-2000)},
  author={Avila, Rodrigo and Monasterio, Leonardo},
  year={2008},
  journal = {Revista Análise Econômica},
  number = {49},
  pages = {233-259},
  address = {Porto Alegre}
}

%Dissertações ===============================

@mastersthesis{jorge2018,
  author       = {Garcia, Jorge}, 
  title        = {An{\'a}lise de dados de {\'a}rea aplicada a indicadores de seguridade rural para a cultura do caf{\'e}},
  type = {Mestrado em Estat{\'i}stica Aplicada e Experimenta{\c{c}}{\~a}o Agropecu{\'a}ria},
  school       = {Universidade Federal de Lavras},
  year         = {2018},
  address      = {Lavras},
  pages = {85},
  month        = {},
  note         = {}
}

@mastersthesis{carvalho2008hipotese,
  title={A hip{\'o}tese da curva de {K}uznets ambiental global e o {P}rotocolo de {Q}uioto},
  author={Carvalho, Terciane},
  year={2008},
  type = {Mestrado em Economia Aplicada},
  school={Universidade Federal de Juiz de Fora},
  address = {Juiz de Fora},
  pages = {131}
}


@mastersthesis{tyszler2006econometria,
  title={Econometria espacial: discutindo medidas para a matriz de pondera{\c{c}}{\~a}o espacial},
  author={Tyszler, Marcelo},
  type = {Mestrado em Administra{\c{c}}{\~a}o P{\'u}blica e Governo},
  school       = {Funda{\c{c}}{\~a}o Get{\'u}lio Vargas},
  year         = {2006},
  address      = {São Paulo},
  pages = {155}

}


%Teses ===============================





@phdthesis{alvim2003tese,
  author       = {Alvim, Maria}, 
  title        = {An{\'a}lise da competitividade da produ{\c{c}}{\~a}o de soja no sistema de plantio direto no estado de {M}ato {G}rosso do {S}ul},
  type = {Doutorado em Economia Aplicada},
  school       = {Universidade Federal de Viçosa},
  year         = {2003},
  address      = {Viçosa},
  month        = {},
  pages = {147},
  note         = {}
}



%Python ===============================


@Article{matplotlib,
  Author    = {Hunter, J. D.},
  Title     = {Matplotlib: A 2D graphics environment},
  Journal   = {Computing in Science \& Engineering},
  Volume    = {9},
  Number    = {3},
  Pages     = {90--95},
  abstract  = {Matplotlib is a 2D graphics package used for Python for
  application development, interactive scripting, and publication-quality
  image generation across user interfaces and operating systems.},
  publisher = {IEEE COMPUTER SOC},
  doi       = {10.1109/MCSE.2007.55},
  year      = 2007
}




% DADOS =========================================


